%YAML 1.1
%TAG !u! tag:unity3d.com,2011:
--- !u!1 &174120
GameObject:
  m_ObjectHideFlags: 0
  m_PrefabParentObject: {fileID: 0}
  m_PrefabInternal: {fileID: 100100000}
  serializedVersion: 4
  m_Component:
  - 4: {fileID: 444136}
  - 114: {fileID: 11474442}
  - 114: {fileID: 11485280}
  m_Layer: 0
  m_Name: Enemy Controller
  m_TagString: Untagged
  m_Icon: {fileID: 0}
  m_NavMeshLayer: 0
  m_StaticEditorFlags: 0
  m_IsActive: 1
--- !u!4 &444136
Transform:
  m_ObjectHideFlags: 1
  m_PrefabParentObject: {fileID: 0}
  m_PrefabInternal: {fileID: 100100000}
  m_GameObject: {fileID: 174120}
  m_LocalRotation: {x: 0, y: 0, z: -.707106829, w: .707106709}
  m_LocalPosition: {x: 0, y: 0, z: 0}
  m_LocalScale: {x: 1, y: 1, z: 1}
  m_Children: []
  m_Father: {fileID: 0}
  m_RootOrder: 0
--- !u!114 &11474442
MonoBehaviour:
  m_ObjectHideFlags: 1
  m_PrefabParentObject: {fileID: 0}
  m_PrefabInternal: {fileID: 100100000}
  m_GameObject: {fileID: 174120}
  m_Enabled: 1
  m_EditorHideFlags: 0
  m_Script: {fileID: 11500000, guid: c9b30224c743d4d6b90b031fddb99c75, type: 3}
  m_Name: 
  m_EditorClassIdentifier: 
  App: {fileID: 0}
  id: 0
  isActive: 0
--- !u!114 &11485280
MonoBehaviour:
  m_ObjectHideFlags: 1
  m_PrefabParentObject: {fileID: 0}
  m_PrefabInternal: {fileID: 100100000}
  m_GameObject: {fileID: 174120}
  m_Enabled: 1
  m_EditorHideFlags: 0
  m_Script: {fileID: 11500000, guid: 91530d642bced474c9ae9a2c626430ac, type: 3}
  m_Name: 
  m_EditorClassIdentifier: 
  App: {fileID: 0}
  nodes:
  - {x: 3.04999995, y: -1.11000001, z: 0}
  - {x: 1, y: -1.11000001, z: 0}
  - {x: -1.35000002, y: 0, z: 0}
  - {x: -5, y: 1, z: 0}
  nodes2:
  - {x: 3, y: 0, z: 0}
  - {x: 1, y: 1, z: 0}
  - {x: -1, y: -1, z: 0}
  - {x: -3, y: 1, z: 0}
  - {x: -5, y: 0, z: 0}
  bossNodes:
  - {x: 3, y: -1.5, z: 0}
  - {x: 3, y: 1.5, z: 0}
  - {x: 3, y: -1.5, z: 0}
--- !u!1001 &100100000
Prefab:
  m_ObjectHideFlags: 1
  serializedVersion: 2
  m_Modification:
    m_TransformParent: {fileID: 0}
    m_Modifications:
    - target: {fileID: 0}
      propertyPath: nodes.Array.size
      value: 4
      objectReference: {fileID: 0}
    - target: {fileID: 0}
      propertyPath: nodes2.Array.size
      value: 5
      objectReference: {fileID: 0}
    - target: {fileID: 0}
      propertyPath: bossNodes.Array.size
      value: 3
      objectReference: {fileID: 0}
    - target: {fileID: 0}
      propertyPath: nodes.Array.data[0].x
      value: 3.04999995
      objectReference: {fileID: 0}
    - target: {fileID: 0}
      propertyPath: nodes.Array.data[0].y
      value: -1.11000001
      objectReference: {fileID: 0}
    - target: {fileID: 0}
      propertyPath: nodes.Array.data[1].x
      value: 1
      objectReference: {fileID: 0}
    - target: {fileID: 0}
      propertyPath: nodes.Array.data[1].y
      value: -1.11000001
      objectReference: {fileID: 0}
    - target: {fileID: 0}
      propertyPath: nodes.Array.data[2].x
      value: -1.35000002
      objectReference: {fileID: 0}
    - target: {fileID: 0}
      propertyPath: nodes.Array.data[2].y
      value: 0
      objectReference: {fileID: 0}
    - target: {fileID: 0}
      propertyPath: nodes.Array.data[3].x
      value: -5
      objectReference: {fileID: 0}
    - target: {fileID: 0}
      propertyPath: bossNodes.Array.data[0].x
      value: 3
      objectReference: {fileID: 0}
    - target: {fileID: 0}
      propertyPath: bossNodes.Array.data[1].x
      value: 3
      objectReference: {fileID: 0}
    - target: {fileID: 0}
      propertyPath: bossNodes.Array.data[0].y
      value: -1.5
      objectReference: {fileID: 0}
    - target: {fileID: 0}
      propertyPath: bossNodes.Array.data[1].y
      value: 1.5
      objectReference: {fileID: 0}
    - target: {fileID: 0}
      propertyPath: nodes.Array.data[3].y
      value: 1
      objectReference: {fileID: 0}
    - target: {fileID: 0}
      propertyPath: nodes2.Array.data[0].x
      value: 3
      objectReference: {fileID: 0}
    - target: {fileID: 0}
      propertyPath: nodes2.Array.data[1].x
      value: 1
      objectReference: {fileID: 0}
    - target: {fileID: 0}
      propertyPath: nodes2.Array.data[2].x
      value: -1
      objectReference: {fileID: 0}
    - target: {fileID: 0}
      propertyPath: nodes2.Array.data[3].x
      value: -3
      objectReference: {fileID: 0}
    - target: {fileID: 0}
      propertyPath: nodes2.Array.data[4].x
      value: -5
      objectReference: {fileID: 0}
    - target: {fileID: 0}
      propertyPath: nodes2.Array.data[1].y
      value: 1
      objectReference: {fileID: 0}
    - target: {fileID: 0}
      propertyPath: nodes2.Array.data[2].y
      value: -1
      objectReference: {fileID: 0}
    - target: {fileID: 0}
      propertyPath: nodes2.Array.data[3].y
      value: 1
      objectReference: {fileID: 0}
    - target: {fileID: 0}
      propertyPath: bossNodes.Array.data[2].y
      value: -1.5
      objectReference: {fileID: 0}
    - target: {fileID: 0}
      propertyPath: bossNodes.Array.data[2].x
      value: 3
      objectReference: {fileID: 0}
    m_RemovedComponents: []
  m_ParentPrefab: {fileID: 0}
  m_RootGameObject: {fileID: 174120}
  m_IsPrefabParent: 1
